@book{基于WebGIS的新冠肺炎疫情可视化系统研发2020,
  title={基于WebGIS的新冠肺炎疫情可视化系统研发},
  author={邓少存、张健钦、张学东、贾礼朋、李卓航},
  year={2020},
}
@article{基于大数据可视化技术的信息系统AC审计,
  title={基于大数据可视化技术的信息系统AC审计},
  author={陈伟、詹明惠},
}

@article{大数据平台的测震数据流实时可视化系统设计与实现,
  title={大数据平台的测震数据流实时可视化系统设计与实现},
  author={刘禹、李胜乐、李力},
}